@ARTICLE{eisen70,
  author="P.~Eisenberger
and P.~M.~Platzman",
  title="Compton scattering of x rays from bound electrons",
  year="1970",
  journal="Phys. Rev. A",
  volume="2", 
  pages="415"
}



@ARTICLE{kubo95,
  author="Y.~Kubo",
  title="Compton profiles of Li in the GW approximation",
  year="1995",
  journal="J. Phys. Soc. Jpn",
  volume="65", 
  pages="16"
}

@ARTICLE{kubo97,
  author="Y.~Kubo",
  title="Effects of electron correlations on Compton profiles of Li and Na in the GW approximation",
  year="1997",
  journal="J. Phys. Soc. Jpn",
  volume="66", 
  pages="2236"
}

@ARTICLE{dugdale98,
  author="S.~B.~Dugdale and T.~Jarlborg",
  title="Thermal disoerder versus correlation in Compton profiles from Alkali metals",
  year="1998",
  journal="Solid State Physics",
  volume="105", 
  pages="283"
}

@ARTICLE{schulke96,
  author="W.~Sch{\"u}lke
and G.~Stutz
and F.~Wohlert
and A.~Kaprolat",
  title="Electron momentum-space densities of Li metal: A high-resolution Compton-scattering study",
  year="1996",
  journal="Phys. Rev. B",
  volume="54", 
  pages="14381"
}

@ARTICLE{schulke99,
  author="W.~Sch{\"u}lke",
  title="Comments on \"Effects of electron correlation ... \" by Kubo, J. Phys. Soc. Jpn. 66(1997)2236 ",
  year="1997",
  journal="J. Phys. Soc. Jpn",
  volume="68", 
  pages="2470"
}

@article{filippi98,
author = {C.~Filippi and D.~M.~Ceperley},
journal = {Phys. Rev. B},
number = {1},
pages = {252--257},
title = {{Path-integral Monte Carlo calculation of the kinetic energy of condensed lithium}},
volume = {57},
year = {1998}
}

@ARTICLE{filippi99,
  author="C.~Filippi and D.~M.~Ceperley",
  title="Quantum Monte Carlo calculation of Compton profiles of solid lithium",
  year="1999",
  journal="Phys. Rev. B",
  volume="59", 
  pages="7907"
}

@article{holz09,
author = {M.~Holzmann, and B.~Bernu, and V.~Olevano, and R.~M.~Martin, and D.~M.~Ceperley},
journal = {Phys. Rev. B (R)},
number = {4},
pages = {2--5},
title = {{Renormalization factor and effective mass of the two-dimensional electron gas}},
volume = {79},
year = {2009}
}

@ARTICLE{holz11,
  author="M.~Holzmann
and B.~Bernu
and C.~Pierleoni
and J.~McMinis
and D.~M.~Ceperley",
  title="Momentum Distribution of the Homogeneous Electron Gas",
  year="2011",
  journal="Phys. Rev. Lett.",
  volume="107", 
  pages="110402"
}


@ARTICLE{stern00,
  author="C.~Sternemann
and K.~H{\"a}m{\"a}l{\"a}inen
and A.~Kaprolat
and A.~Soininen 
and G.~D{\"o}ring
and C.~C.~Kao
and S.~Manninen
and W.~Sch{\"u}lke",
  title="Final-state interaction in Compton scattering from electron liquids",
  year="2000",
  journal="Phys. Rev. B",
  volume="62", 
  pages="R7687"
}

@ARTICLE{stern01,
  author="C.~Sternemann
and T.~Buslaps 
and A.~Shukla
and P.~Suortti 
and G.~D{\"o}ring
and W.~Sch{\"u}lke",
  title="Temperature influence on the valence Compton profiles of aluminum and lithium",
  year="2001",
  journal="Phys. Rev. B",
  volume="63", 
  pages="094301"
}


@ARTICLE{tanaka01,
  author="Y.~Tanaka 
and Y.~Sakurai 
and A.~T.~Stewart
and N.~Shiotani
and P.~E.~Mijnarends
and S.~Kaprzyk
and A.~Bansil",
  title="Reconstructed three-dimensional electron momentum density in lithium: A Compton scattering study",
  year="2001",
  journal="Phys. Rev. B",
  volume="63", 
  pages="045120"
}

@ARTICLE{hira07,
  author="N.~Hiraoka 
and T.~Buslaps 
and V.~Honkim{\"a}ki
and J.~Ahmad
and H.~Uwe",
  title="Fermi surface nesting in Ba$_{1-x}$K$_{x}$BiO$_{3}$ observed by Compton scattering: Three-dimensional momentum density reconstruction study",
  year="2007",
  journal="Phys. Rev. B",
  volume="75", 
  pages="121101(R)"
}

@ARTICLE{saku11,
  author="Y.~Sakurai 
and M.~Itou 
and B.~Barbiellini
and P.~E.~Mijnarends
and R.~S.~Markiewicz
and S.~Kaprzyk
and J.-M.~Gillet
and S.~Wakimoto
and M.~Fujita
and S.~Basak
and Y.~J.~Wang
and W.~Al-Sawai
and H.~Lin
and A.~Bansil
and K.~Yamada",
  title="Imaging Doped Holes in a Cuprate Superconductor with High-Resolution Compton Scattering",
  year="2011",
  journal="Science",
  volume="332", 
  pages="698-702"
}

@ARTICLE{koi11,
  author="A.~Koizumi 
and G.~Motoyama 
and Y.~Kubo
and T.~Tanaka
and M.~Itou
and Y.~Sakurai",
  title="{\it f} Electron Contribution to the Change of Electronic Structure in CeRu$_2$Si$_2$ with Temperature: A Compton Scattering Study",
  year="2011",
  journal="Phys. Rev. Lett.",
  volume="106", 
  pages="136401"
}

@ARTICLE{koi15,
  author="A.~Koizumi 
and Y.~Kubo
and G.~Motoyama 
and T.~Yamamura
and M.~Itou
and Y.~Sakurai",
  title="Visual understanding of the hidden-order transition in URu$_2$Si$_2$ by high-resolution x-ray Compton scattering",
  year="2015",
  journal="Phys. Rev. B",
  volume="92", 
  pages="125112"
}


@ARTICLE{saku95,
  author="Y.~Sakurai 
and Y.~Tanaka 
and A.~Bansil
and S.~Kaprzyk
and A.~T.~Stewart
and Y.~Nagashima
and T.~Hyodo
and S.~Nanao
and H.~Kawata
and N.~Shiotani",
  title="High-Resolution Compton Scattering Study of Li: Asphericity of the Fermi Surface and Electron Correlation Effects",
  year="1995",
  journal="Phys. Rev. Lett.",
  volume="74", 
  pages="2252-2255"
}

@ARTICLE{simo10,
  author="S.~Huotari 
and J.~A.~Soininen 
and T.~Pylkk{\"a}nen
and K.~H{\"a}m{\"a}l{\"a}inen
and A.~Issolah
and A.~Titov
and J.~McMinis
and J.~Kim
and K.~Esler
and D.~M.~Ceperley
and M.~Holzmann
and V.~Olevano",
  title="Momentum Distribution and Renormalization Factor in Sodium and the Electron Gas",
  year="2010",
  journal="Phys. Rev. Lett.",
  volume="105", 
  pages="086403"
}

@ARTICLE{simo07,
  author="S.~Huotari 
and C.~Sternemann 
and M.~Volmer
and J.~A.~Soininen 
and G.~Monaco
and W.~Sch{\"u}lke",
  title="High-resolution Compton line shapes: Fermi break of beryllium",
  year="2007",
  journal="Phys. Rev. B",
  volume="76", 
  pages="235106"
}

@ARTICLE{soi01,
  author="J.~A.~Soininen
and K.~H{\"a}m{\"a}l{\"a}inen
and S.~Manninen",
  title="Final-state electron-electron interaction in Compton scattering",
  year="2001",
  journal="Phys. Rev. B",
  volume="64", 
  pages="125116"
}

@ARTICLE{klevak16,
  author="E.~Klevak
and F.~D.~Vila
and J.~J.~Kas
and J.~J.~Rehr
and G.~T. Seidler",
  title="Finite-temperature calculations of the Compton profile of Be, Li, and Si",
  year="2016",
  journal="Phys. Rev. B",
  volume="44", 
  pages="214201"
}


@ARTICLE{hira13,
  author="N.~Hiraoka
and H.~Fukui
and H.~Tanida
and H.~Toyokawa,
and Y.~Q.~Cai
and K.-D.~Tsuei",
  title="An X-ray Raman spectrometer for EXAFS studies on minerals: bent Laue spectrometer with 20 keV X-rays",
  year="2013",
  journal="J. Synchrotron Rad.",
  volume="20", 
  pages="266-271"
}

@ARTICLE{hira05,
  author="N. Hiraoka,
and H.~Ishii
and I.~Jarrige
and Y.~Q.~Cai",
  title="Inelastic x-ray scattering studies of low-energy charge excitations in graphite",
  year="2005",
  journal="Phys. Rev. B",
  volume="72", 
  pages="075103"
}


@ARTICLE{vosko80,
  author="S.~H.~Vosko 
and L.~Wilk 
and M.~Nusair",
  title="Accurate spin-dependent electron liquid correlation energies for local spin density calculations: a critical analysis",
  year="1980",
  journal="Can. J. Phys.",
  volume="58", 
  pages="1200-1211"
}

@ARTICLE{hira05b,
  author="N.~Hiraoka 
and T.~Buslaps 
and V.~Honkim{\"a}ki
and H.~Guyot
and C.~Schlenker",
  title="Hidden one dimensionality in Fermi surfaces of $\eta$-Mo$_4$O$_11$ observed by Compton scattering experiments",
  year="2005",
  journal="Phys. Rev. B",
  volume="71", 
  pages="125417"
}

@ARTICLE{hira06,
  author="N.~Hiraoka 
and T.~Buslaps 
and V.~Honkim{\"a}ki
and T.~Nomura
and M.~Itou
and Y.~Sakurai
and Z.~Q.~Mao
and Y.~Maeno",
  title="Momentum densities, Fermi surfaces, and their temperature dependences in Sr2RuO4 studied by Compton scattering",
  year="2006",
  journal="Phys. Rev. B",
  volume="74", 
  pages="100501(R)"
}

@ARTICLE{berko57,
  author="S.~Berko 
and R.~E.~Kelley
and J.~S.~Plaskett",
  title="Angular correlation of annihilation radiation from oriented graphite",
  year="1957",
  journal="Phys. Pev.",
  volume="106", 
  pages="824-825"
}

@ARTICLE{berko58,
  author="S.~Berko 
and J.~S.~Plaskett",
  title="Correlation of Annihilation Radiation in Oriented Single Metal Crystals",
  year="1958",
  journal="Phys. Pev.",
  volume="112", 
  pages="1877-1887"
}

@ARTICLE{gyorffy89,
  author="B.~L.~Gyorffy 
and Z.~Szotek 
and W.~M.~Temmerman 
and G.~M.~Stocks",
  title="On positron annihilation in the superconducting cuprates",
  year="1989",
  journal="J. Phys. : Condens. Matter",
  volume="1", 
  pages="SA119-123"
}

@ARTICLE{friedel89,
  author="J.~Friedel 
and M.~Peter",
  title="Fermiology as Seen by Positron Annihilation. The Cases of Lattice or Spin Modulations",
  year="1989",
  journal="Europhys. Lett.",
  volume="8", 
  pages="79-82"
}

@ARTICLE{saniz02,
  author="R.~Saniz 
and B.~Barbiellini 
and A.~Denison",
  title="Compton scattering, positron annihilation, and the electronic properties of quantum dots",
  year="2002",
  journal="Phys. Rev. B",
  volume="65", 
  pages="245310"
}

@ARTICLE{peter93,
  author="M.~Peter 
and T.~Jarlborg
and A.~A.~Manuel
and B.~Barbiellini
and S.~E.~Barnes",
  title="What Can Positrons Contribute to High- Tc Superconductivity?",
  year="1993",
  journal="Z.~Naturforsch",
  volume="48a", 
  pages="390-397"
}

@ARTICLE{eis70,
  author="P.~Eisenberger 
and P.~M.~Platzman",
  title="Compton scattering of x-rays from bound electrons",
  year="1970",
  journal="Phys. Rev. A",
  volume="2", 
  pages="415-423"
}


@ARTICLE{kaplan03,
  author="I.~G.~Kaplan 
and B.~Barbiellini 
and A.~Bansil",
  title="Compton scattering beyond the impulse approximation",
  year="2003",
  journal="Phys. Rev. B",
  volume="68", 
  pages="235104"
}

@ARTICLE{norman01,
  author="M.~R.~Norman 
and M.~Eschrig 
and A.~Kaminski 
and J.~C.~Campuzano",
  title="Momentum distribution curves in the superconducting state",
  year="2001",
  journal="Phys. Rev. B",
  volume="64", 
  pages="184508"
}

@article{gg02,
author = {P.~Gori-Giorgi and P.~Ziesche},
journal = {Phys. Rev. B},
number = {23},
pages = {1--13},
title = {{Momentum distribution of the uniform electron gas: Improved parametrization and exact limits of the cumulant expansion}},
volume = {66},
year = {2002}
}

@article{Medeiros2014,
author = {P.~V.~.C.~Medeiros, and S.~Stafstr{\"{o}}m, and J.~Bj{\"{o}}rk},
journal = {Phys. Rev. B  (R)},
number = {4},
title = {{Effects of extrinsic and intrinsic perturbations on the electronic structure of graphene: Retaining an effective primitive cell band structure by band unfolding}},
volume = {89},
year = {2014}
}

@article{Medeiros2015,
author = {P.~V.~.C.~Medeiros, and S.~S.~Tsirkin, and S.~Stafstr{\"{o}}m, and J.~Bj{\"{o}}rk},
journal = {Phys. Rev. B  (R)},
number = {4},
pages = {1--5},
title = {{Unfolding spinor wave functions and expectation values of general operators: Introducing the unfolding-density operator}},
volume = {91},
year = {2015}
}

@misc{Plimpton1993,
author = {S.~Plimpton},
pages = {1--19},
title = {{Fast Parallel Algorithms for Short-Range Molecular Dynamics}},
year = {1993}
}

@article{Enkovaara2017,
author = {J.~Enkovaara, and C.~Rostgaard, and J.~J.~Mortensen},
journal = {Journal of Physics: Condensed Matter},
number = {46},
pages = {465901},
title = {{Advanced capabilities for materials modelling with Quantum ESPRESSO}},
volume = {29},
year = {2017}
}

@article{Giannozzi2009,
author = {Giannozzi, Paolo and Baroni, Stefano and Bonini, Nicola and Calandra, Matteo and Car, Roberto and Cavazzoni, Carlo and Ceresoli, Davide and Chiarotti, Guido L. and Cococcioni, Matteo and Dabo, Ismaila and {Dal Corso}, Andrea and {De Gironcoli}, Stefano and Fabris, Stefano and Fratesi, Guido and Gebauer, Ralph and Gerstmann, Uwe and Gougoussis, Christos and Kokalj, Anton and Lazzeri, Michele and Martin-Samos, Layla and Marzari, Nicola and Mauri, Francesco and Mazzarello, Riccardo and Paolini, Stefano and Pasquarello, Alfredo and Paulatto, Lorenzo and Sbraccia, Carlo and Scandolo, Sandro and Sclauzero, Gabriele and Seitsonen, Ari P. and Smogunov, Alexander and Umari, Paolo and Wentzcovitch, Renata M.},
journal = {Journal of Physics Condensed Matter},
number = {39},
title = {{QUANTUM ESPRESSO: A modular and open-source software project for quantum simulations of materials}},
volume = {21},
year = {2009}
}

@article{Kim2018,
author = {Kim, Jeongnim and Baczewski, Andrew T. and Beaudet, Todd D. and Benali, Anouar and Bennett, M. Chandler and Berrill, Mark A. and Blunt, Nick S. and Borda, Edgar Josu{\'{e}} Landinez and Casula, Michele and Ceperley, David M. and Chiesa, Simone and Clark, Bryan K. and Clay, Raymond C. and Delaney, Kris T. and Dewing, Mark and Esler, Kenneth P. and Hao, Hongxia and Heinonen, Olle and Kent, Paul R.C. and Krogel, Jaron T. and Kylanpa, Ilkka and Li, Ying Wai and Lopez, M. Graham and Luo, Ye and Malone, Fionn D. and Martin, Richard M. and Mathuriya, Amrita and McMinis, Jeremy and Melton, Cody A. and Mitas, Lubos and Morales, Miguel A. and Neuscamman, Eric and Parker, William D. and {Pineda Flores}, Sergio D. and Romero, Nichols A. and Rubenstein, Brenda M. and Shea, Jacqueline A.R. and Shin, Hyeondeok and Shulenburger, Luke and Tillack, Andreas F. and Townsend, Joshua P. and Tubman, Norm M. and {Van Der Goetz}, Brett and Vincent, Jordan E. and Yang, D. Changmo and Yang, Yubo and Zhang, Shuai and Zhao, Luning},
journal = {Journal of Physics Condensed Matter},
number = {19},
title = {{QMCPACK: An open source ab initio quantum Monte Carlo package for the electronic structure of atoms, molecules and solids}},
volume = {30},
year = {2018}
}

@article{Krogel2016,
author = {Krogel, Jaron T.},
pages = {154--168},
publisher = {Elsevier B.V.},
title = {{Nexus: A modular workflow management system for quantum simulation codes}},
volume = {198},
year = {2016}
}

@BOOK{kittel,
  author="C.~Kittel",
  title="Introduction to Solid State Physics: 7th edition, Chapter 5",
  publisher="John Wiley \& Sons, Inc.",
  year="1996"
}

@BOOK{ziman,
  author="J.~M.~Ziman",
  title="Principles of The Theory of Solids: 2nd edition, Chapter 3",
  publisher="Cambridge University Press",
  year="1972"
}

@BOOK{ash,
  author="N.~W.~Ashcroft
and N.~D.~Mermin",
  title="Solid State Physics, Chapter 9",
  publisher="Thomson Learning, Inc.",
  year="1976"
}

@BOOK{sch,
  author="W.~Sch{\"u}lke",
  title="Electron Dynamics by Inelastic X-ray Scattering: Chapter 4",
  publisher="Oxford University Press",
  year="2007"
}

@BOOK{cooper,
  author="M.~J.~Cooper
and P.~E.~Mijnarends
and N.~Shiotani
and N.~Sakai
and A.~Bansil",
  title="X-ray Compton Scattering: Chapter 1",
  publisher="Oxford University Press",
  year="2004"
}
% scibib.bib

% This is the .bib file used to compile the document "A simple Science
% template" (scifile.tex).  It is not intended as an example of how to
% set up your BibTeX file.

%@ARTICLE{neto09,
%  author="A.~H.~Castro~Neto
%and F.~Guinea
%and N.~M.~R.~Peres
%and K.~S.~Novoselov
%and A.~K.~Geim", 
%  year="2009",
%  journal="Rev.~Mod.~Phys.",
%  volume="81", 
%  pages="109"
%}
%
%@ARTICLE{novo04,
%  author="K.~S.~Novoselov
%and A.~K.~Geim
%and S.~V.~Morozov
%and D.~Jiang
%and Y.~Zhang
%and S.~V.~Dubonos
%and I.~V.~Grigorieva
%and A.~A.~Firsov", 
%  year="2004",
%  journal="Science",
%  volume="306", 
%  pages="666"
%}
%
%@ARTICLE{novo05,
%  author="K.~S.~Novoselov
%and A.~K.~Geim
%and S.~V.~Morozov
%and D.~Jiang
%and M.~I.~Katsnelson
%and I.~V.~Grigorieva
%and S.~V.~Dubonos
%and A.~A.~Firsov", 
%  year="2005",
%  journal="Nature",
%  volume="438", 
%  pages="197"
%}
%
%@ARTICLE{zhang05,
%  author="Y.~Zhang
%and Y.-W.~Tan
%and H.~L.~Stormer  
%and P.~Kim", 
%  year="2005",
%  journal="Nature",
%  volume="438", 
%  pages="201"
%}
%
%@ARTICLE{ohta06,
%  author="T.~Ohta
%and A.~Bostwick
%and T.~Seyller
%and K.~Horn
%and E.~Rotenberg", 
%  year="2006",
%  journal="Science",
%  volume="313", 
%  pages="951"
%}
%
%@ARTICLE{ohta07,
%  author="T.~Ohta
%and A.~Bostwick
%and J.~L.~McChesney
%and T.~Seyller
%and K.~Horn
%and E.~Rotenberg", 
%  year="2007",
%  journal="Phys. Rev. Lett.",
%  volume="98", 
%  pages="206802"
%}
%
%@ARTICLE{wang08,
%  author="F.~Wang
%and Y.~Zhang
%and C.~Tian
%and C.~Girit
%and A.~Zettl
%and M.~Crommie
%and Y.~Ron~Shen", 
%  year="2008",
%  journal="Science",
%  volume="320", 
%  pages="206"
%}
%
%@ARTICLE{mak08,
%  author="K.~F.~Mak
%and M.~Y.~Sfeir
%and Y.~Wu
%and C.~H.~Lui
%and J.~A.~Misewich
%and T.~F.~Heinz", 
%  year="2008",
%  journal="Phys. Rev. Lett.",
%  volume="101", 
%  pages="196405"
%}
%
%@ARTICLE{mari04,
%  author="A.~G.~Marinopoulos
%and L.~Reining
%and A.~Rubio
%and V.~Olevano", 
%  year="2004",
%  journal="Phys. Rev. B",
%  volume="69", 
%  pages="245419"
%}
%
%@ARTICLE{tanaka01,
%  author="Y.~Tanaka 
%and Y.~Sakurai 
%and A.~T.~Stewart
%and N.~Shiotani
%and P.~E.~Mijnarends
%and S.~Kaprzyk
%and A.~Bansil",
%  year="2001",
%  journal="Phys. Rev. B",
%  volume="63", 
%  pages="045120"
%}
%
%@ARTICLE{hira07,
%  author="N.~Hiraoka 
%and T.~Buslaps 
%and V.~Honkim{\"a}ki
%and J.~Ahmad
%and H.~Uwe",
%  year="2007",
%  journal="Phys. Rev. B",
%  volume="75", 
%  pages="121101(R)"
%}
%
%@ARTICLE{saku11,
%  author="Y.~Sakurai 
%and M.~Itou 
%and B.~Barbiellini
%and P.~E.~Mijnarends
%and R.~S.~Markiewicz
%and S.~Kaprzyk
%and J.-M.~Gillet
%and S.~Wakimoto
%and M.~Fujita
%and S.~Basak
%and Y.~J.~Wang
%and W.~Al-Sawai
%and H.~Lin
%and A.~Bansil
%and K.~Yamada",
%  year="2011",
%  journal="Science",
%  volume="332", 
%  pages="698"
%}
%
%@ARTICLE{koi11,
%  author="A.~Koizumi 
%and G.~Motoyama 
%and Y.~Kubo
%and T.~Tanaka
%and M.~Itou
%and Y.~Sakurai",
%  year="2011",
%  journal="Phys. Rev. Lett.",
%  volume="106", 
%  pages="136401"
%}
%
%@ARTICLE{koi15,
%  author="A.~Koizumi 
%and Y.~Kubo
%and G.~Motoyama 
%and T.~Yamamura
%and M.~Itou
%and Y.~Sakurai",
%  year="2015",
%  journal="Phys. Rev. B",
%  volume="92", 
%  pages="125112"
%}
%
%
%@ARTICLE{saku95,
%  author="Y.~Sakurai 
%and Y.~Tanaka 
%and A.~Bansil
%and S.~Kaprzyk
%and A.~T.~Stewart
%and Y.~Nagashima
%and T.~Hyodo
%and S.~Nanao
%and H.~Kawata
%and N.~Shiotani",
%  year="1995",
%  journal="Phys. Rev. Lett.",
%  volume="74", 
%  pages="2252"
%}
%
%@ARTICLE{simo10,
%  author="S.~Huotari 
%and J.~A.~Soininen 
%and T.~Pylkk{\"a}nen
%and K.~H{\"a}m{\"a}l{\"a}inen
%and A.~Issolah
%and A.~Titov
%and J.~McMinis
%and J.~Kim
%and K.~Esler
%and D.~M.~Ceperley
%and M.~Holzmann
%and V.~Olevano",
%  year="2010",
%  journal="Phys. Rev. Lett.",
%  volume="105", 
%  pages="086403"
%}
%
%@ARTICLE{simo07,
%  author="S.~Huotari 
%and C.~Sternemann 
%and M.~Volmer
%and J.~A.~Soininen 
%and G.~Monaco
%and W.~Sch{\"u}lke",
%  year="2007",
%  journal="Phys. Rev. B",
%  volume="76", 
%  pages="235106"
%}
%
%@ARTICLE{soi01,
%  author="J.~A.~Soininen
%and K.~H{\"a}m{\"a}l{\"a}inen
%and S.~Manninen",
%  year="2001",
%  journal="Phys. Rev. B",
%  volume="64", 
%  pages="125116"
%}
%
%@ARTICLE{hira13,
%  author="N.~Hiraoka
%and H.~Fukui
%and H.~Tanida
%and H.~Toyokawa,
%and Y.~Q.~Cai
%and K.-D.~Tsuei",
%  year="2013",
%  journal="J. Synchrotron Rad.",
%  volume="20", 
%  pages="266"
%}
%
%@ARTICLE{hira05,
%  author="N. Hiraoka,
%and H.~Ishii
%and I.~Jarrige
%and Y.~Q.~Cai",
%  year="2005",
%  journal="Phys. Rev. B",
%  volume="72", 
%  pages="075103"
%}
%
%@ARTICLE{bost07,
%  author="A.~Bostwick 
%and T.~Ohta 
%and T.~Seyller
%and K.~Horn 
%and E.~Rotenberg",
%  year="2007",
%  journal="Nature Phys.",
%  volume="3", 
%  pages="36"
%}
%
%@ARTICLE{gierz15,
%  author="I.~Gierz 
%and F.~Calegari 
%and S.~Aeschlimann
%and M.~C.~Cervantes 
%and C.~Cacho
%and R.~T.~Chapman
%and E.~Springate
%and S.~Link
%and U.~Starke
%and C.~R.~Ast
%and A.~Cavalleri",
%  year="2015",
%  journal="Phys. Rev. Lett.",
%  volume="115", 
%  pages="086803"
%}
%
%@ARTICLE{liu10,
%  author="Y.~Liu 
%and L.~Zhang 
%and M.~K.~Brinkley
%and G.~Bian 
%and T.~Miller
%and T.-C.~Chiang",
%  year="2010",
%  journal="Phys. Rev. Lett",
%  volume="105", 
%  pages="136804"
%}
%
%@ARTICLE{sue72,
%  author="H.~Suematsu 
%and S.-I.~Tamura ",
%  year="1972",
%  journal="J. Phys. Soc. Jpn",
%  volume="33", 
%  pages="1619"
%}
%
%@ARTICLE{vosko80,
%  author="S.~H.~Vosko 
%and L.~Wilk 
%and M.~Nusair",
%  year="1980",
%  journal="Can. J. Phys.",
%  volume="58", 
%  pages="1200"
%}
%
%@ARTICLE{hira05b,
%  author="N.~Hiraoka 
%and T.~Buslaps 
%and V.~Honkim{\"a}ki
%and H.~Guyot
%and C.~Schlenker",
%  year="2005",
%  journal="Phys. Rev. B",
%  volume="71", 
%  pages="125417"
%}
%
%@ARTICLE{hira06,
%  author="N.~Hiraoka 
%and T.~Buslaps 
%and V.~Honkim{\"a}ki
%and T.~Nomura
%and M.~Itou
%and Y.~Sakurai
%and Z.~Q.~Mao
%and Y.~Maeno",
%  year="2006",
%  journal="Phys. Rev. B",
%  volume="74", 
%  pages="100501(R)"
%}
%
%@ARTICLE{berko57,
%  author="S.~Berko 
%and R.~E.~Kelley
%and J.~S.~Plaskett",
%  year="1957",
%  journal="Phys. Pev.",
%  volume="106", 
%  pages="824"
%}
%
%@ARTICLE{berko58,
%  author="S.~Berko 
%and J.~S.~Plaskett",
%  year="1958",
%  journal="Phys. Pev.",
%  volume="112", 
%  pages="1877"
%}
%
%@ARTICLE{gyorffy89,
%  author="B.~L.~Gyorffy 
%and Z.~Szotek 
%and W.~M.~Temmerman 
%and G.~M.~Stocks",
%  year="1989",
%  journal="J. Phys. : Condens. Matter",
%  volume="1", 
%  pages="SA119"
%}
%
%@ARTICLE{friedel89,
%  author="J.~Friedel 
%and M.~Peter",
%  year="1989",
%  journal="Europhys. Lett.",
%  volume="8", 
%  pages="79"
%}
%
%@ARTICLE{saniz02,
%  author="R.~Saniz 
%and B.~Barbiellini 
%and A.~Denison",
%  year="2002",
%  journal="Phys. Rev. B",
%  volume="65", 
%  pages="245310"
%}
%
%@ARTICLE{peter93,
%  author="M.~Peter 
%and T.~Jarlborg
%and A.~A.~Manuel
%and B.~Barbiellini
%and S.~E.~Barnes",
%  year="1993",
%  journal="Z.~Naturforsch",
%  volume="48a", 
%  pages="390"
%}
%
%@ARTICLE{eis70,
%  author="P.~Eisenberger 
%and P.~M.~Platzman",
%  year="1970",
%  journal="Phys. Rev. A",
%  volume="2", 
%  pages="415"
%}
%
%
%@ARTICLE{kaplan03,
%  author="I.~G.~Kaplan 
%and B.~Barbiellini 
%and A.~Bansil",
%  year="2003",
%  journal="Phys. Rev. B",
%  volume="68", 
%  pages="235104"
%}
%
%@ARTICLE{kaplan03,
%  author="I.~G.~Kaplan 
%and B.~Barbiellini 
%and A.~Bansil",
%  year="2003",
%  journal="Phys. Rev. B",
%  volume="68", 
%  pages="235104"
%}
%
%@ARTICLE{norman01,
%  author="M.~R.~Norman 
%and M.~Eschrig 
%and A.~Kaminski 
%and J.~C.~Campuzano",
%  year="2001",
%  journal="Phys. Rev. B",
%  volume="64", 
%  pages="184508"
%}
%





@misc{bands, note = "Theoretical Compton profiles were calculated with BANDS code in BL08W, SPring-8."}
%
%@misc{ack, note = "We deeply acknowledge Ku-Ding Tsuei and Yong Cai for their encouragements and helpful supports to initiate this study. The experiment was performed at Taiwan IXS beamline at SPring-8, BL12XU, under the approvals of Japan synchrotron radiation research center (proposal No. 2010A4258) and National synchrotron radiation research center, Taiwan (2008-3-071)."}

%@misc{tth, note = "The package is TTH, available at
%http://hutchinson.belmont.ma.us/tth/ ."}
%
%@misc{use2e, note = "As the mark-up of the \TeX\ source for this
%document makes clear, your file should be coded in \LaTeX
%2${\varepsilon}$, not \LaTeX\ 2.09 or an earlier release.  Also,
%please use the \texttt{article} document class."}
%
%@misc{inclme, note="Among whom are the author of this document.  The
%``real'' references and notes contained herein were compiled using
%B{\small{IB}}\TeX\ from the sample .bib file \texttt{scibib.bib}, the style
%package \texttt{scicite.sty}, and the bibliography style file
%\texttt{Science.bst}."}
%
%
%@misc{nattex, note="One of the equation editors we use, Equation Magic
%(MicroPress Inc., Forest Hills, NY; http://www.micropress-inc.com/),
%interprets native \TeX\ source code and generates an equation as an
%OLE picture object that can then be cut and pasted directly into Word.
%This editor, however, does not handle \LaTeX\ environments (such as
%\texttt{\{array\}} or \texttt{\{eqnarray\}}); it can interpret only
%\TeX\ codes.  Thus, when there's a choice, we ask that you avoid these
%\LaTeX\ calls in displayed math --- for example, that you use the
%\TeX\ \verb+\matrix+ command for ordinary matrices, rather than the
%\LaTeX\ \texttt{\{array\}} environment."}



%@ARTICLE{neto09,
%  author="A.~H.~Castro~Neto
%and F.~Guinea
%and N.~M.~R.~Peres
%and K.~S.~Novoselov
%and A.~K.~Geim", 
%  title="The electronic properties of graphene",
%  year="2009",
%  journal="Rev.~Mod.~Phys.",
%  volume="81", 
%  pages="109-162"
%}
%
%@ARTICLE{novo04,
%  author="K.~S.~Novoselov
%and A.~K.~Geim
%and S.~V.~Morozov
%and D.~Jiang
%and Y.~Zhang
%and S.~V.~Dubonos
%and I.~V.~Grigorieva
%and A.~A.~Firsov", 
%  title="Electric field effect in atomically thin carbon films",
%  year="2004",
%  journal="Science",
%  volume="306", 
%  pages="666-669"
%}
%
%@ARTICLE{novo05,
%  author="K.~S.~Novoselov
%and A.~K.~Geim
%and S.~V.~Morozov
%and D.~Jiang
%and M.~I.~Katsnelson
%and I.~V.~Grigorieva
%and S.~V.~Dubonos
%and A.~A.~Firsov", 
%  title="Two-dimensional gas of massless Dirac fermions in graphene",
%  year="2005",
%  journal="Nature",
%  volume="438", 
%  pages="197-200"
%}
%
%@ARTICLE{zhang05,
%  author="Y.~Zhang
%and Y.-W.~Tan
%and H.~L.~Stormer  
%and P.~Kim", 
%  title="Experimental observation of the quantum Hall effect and Berry’s phase in graphene",
%  year="2005",
%  journal="Nature",
%  volume="438", 
%  pages="201-204"
%}
%
%@ARTICLE{ohta06,
%  author="T.~Ohta
%and A.~Bostwick
%and T.~Seyller
%and K.~Horn
%and E.~Rotenberg", 
%  title="Controlling the electronic structure of bilayer graphene",
%  year="2006",
%  journal="Science",
%  volume="313", 
%  pages="951-954"
%}
%
%@ARTICLE{ohta07,
%  author="T.~Ohta
%and A.~Bostwick
%and J.~L.~McChesney
%and T.~Seyller
%and K.~Horn
%and E.~Rotenberg", 
%  title="Interlayer interaction and electronic screening in multilayer graphene investigated with angle-resolved photoemission spectroscopy",
%  year="2007",
%  journal="Phys. Rev. Lett.",
%  volume="98", 
%  pages="206802"
%}
%
%@ARTICLE{wang08,
%  author="F.~Wang
%and Y.~Zhang
%and C.~Tian
%and C.~Girit
%and A.~Zettl
%and M.~Crommie
%and Y.~Ron~Shen", 
%  title="Gate-variable optical transitions in graphene",
%  year="2008",
%  journal="Science",
%  volume="320", 
%  pages="206-209"
%}
%
%@ARTICLE{mak08,
%  author="K.~F.~Mak
%and M.~Y.~Sfeir
%and Y.~Wu
%and C.~H.~Lui
%and J.~A.~Misewich
%and T.~F.~Heinz", 
%  title="Measurement of the optical conductivity of graphene",
%  year="2008",
%  journal="Phys. Rev. Lett.",
%  volume="101", 
%  pages="196405"
%}
%
%@ARTICLE{mari04,
%  author="A.~G.~Marinopoulos
%and L.~Reining
%and A.~Rubio
%and V.~Olevano", 
%  title="{\it Ab initio} study of the optical absorption and wave-vector-dependent dielectric response of graphite",
%  year="2004",
%  journal="Phys. Rev. B",
%  volume="69", 
%  pages="245419"
%}
%@ARTICLE{bost07,
%  author="A.~Bostwick 
%and T.~Ohta 
%and T.~Seyller
%and K.~Horn 
%and E.~Rotenberg",
%  title="Quasiparticle dynamics in graphene",
%  year="2007",
%  journal="Nature Phys.",
%  volume="3", 
%  pages="36-40"
%}
%
%@ARTICLE{gierz15,
%  author="I.~Gierz 
%and F.~Calegari 
%and S.~Aeschlimann
%and M.~C.~Cervantes 
%and C.~Cacho
%and R.~T.~Chapman
%and E.~Springate
%and S.~Link
%and U.~Starke
%and C.~R.~Ast
%and A.~Cavalleri",
%  title="Tracking Primary Thermalization Events in Graphene with Photoemission at Extreme Time Scales",
%  year="2015",
%  journal="Phys. Rev. Lett.",
%  volume="115", 
%  pages="086803"
%}
%
%@ARTICLE{liu10,
%  author="Y.~Liu 
%and L.~Zhang 
%and M.~K.~Brinkley
%and G.~Bian 
%and T.~Miller
%and T.-C.~Chiang",
%  title="Phonon-Induced Gaps in Graphene and Graphite Observed by Angle-Resolved Photoemission",
%  year="2010",
%  journal="Phys. Rev. Lett",
%  volume="105", 
%  pages="136804"
%}
%
%@ARTICLE{sue72,
%  author="H.~Suematsu 
%and S.-I.~Tamura ",
%  title="Cyclotron Resonances in graphite by using circularly polarized radiation",
%  year="1972",
%  journal="J. Phys. Soc. Jpn",
%  volume="33", 
%  pages="1619-1628"
%}





